@misc{video_jump,
  author = {Jorge Rodriguez},
  title = {Math for Game Developers - Jumping and Gravity (Time Delta, Game Loop)},
  year = {2013},
  note = {Last accessed 20 October 2021},
  url = {https://www.youtube.com/watch?v=c4b9lCfSDQM}
}

@misc{video_circular,
  author = {Daniel Marcial},
  title = {Lecci√≥n 10: Movimiento circular - Curso: Aprende a programar con Processing por Daniel Marcial},
  year = {2019},
  note = {Last accessed 27 October 2021},
  url = {https://www.youtube.com/watch?v=LT49ifTbD8E}
}